# bibtex files for CS838 reading list
@techreport{tech2009:Armbrust,
  title={Above the Clouds: A Berkeley View of Cloud Computing},
  author={M.Armbrust and A.Fox and R.Griffith and A.D.Joseph and
          R.H.Katz and A.Konwinski and G.Lee and D.A.Patterson and 
          A.Rabkin and I.Stoica and M.Zaharia},
  institution={University of California, Berkeley}
  number={Tech.Rep UCB/EECS-2009-28},
  month={February},
  year={2009}
}

